<?xml version="1.0" encoding="UTF-8"?><record xmlns="http://www.loc.gov/MARC21/slim" xmlns:cinclude="http://apache.org/cocoon/include/1.0" xmlns:zs="http://www.loc.gov/zing/srw/">
  <leader>00825nz  a2200217n  4500</leader>
  <controlfield tag="001">nb2013020814</controlfield>
  <controlfield tag="003">DLC</controlfield>
  <controlfield tag="005">20131005050911.0</controlfield>
  <controlfield tag="008">131004n| azannaabn          |n aaa      </controlfield>
  <datafield tag="010" ind1=" " ind2=" ">
    <subfield code="a">nb2013020814</subfield>
  </datafield>
  <datafield tag="035" ind1=" " ind2=" ">
    <subfield code="a">(Uk)008859147</subfield>
  </datafield>
  <datafield tag="040" ind1=" " ind2=" ">
    <subfield code="a">Uk</subfield>
    <subfield code="b">eng</subfield>
    <subfield code="e">rda</subfield>
    <subfield code="c">Uk</subfield>
  </datafield>
  <datafield tag="046" ind1=" " ind2=" ">
    <subfield code="f">1974</subfield>
  </datafield>
  <datafield tag="100" ind1="1" ind2=" ">
    <subfield code="a">Hlehel, Ala,</subfield>
    <subfield code="d">1974-</subfield>
  </datafield>
  <datafield tag="370" ind1=" " ind2=" ">
    <subfield code="a">JiĚsh (Israel)</subfield>
    <subfield code="e">Acre (Israel)</subfield>
    <subfield code="2">naf</subfield>
  </datafield>
  <datafield tag="372" ind1=" " ind2=" ">
    <subfield code="a">Journalism</subfield>
    <subfield code="a">Short story</subfield>
    <subfield code="a">Drama</subfield>
    <subfield code="a">Motion picture plays</subfield>
    <subfield code="a">Television plays</subfield>
    <subfield code="2">lcsh</subfield>
  </datafield>
  <datafield tag="374" ind1=" " ind2=" ">
    <subfield code="a">Journalists</subfield>
    <subfield code="a">Dramatists</subfield>
    <subfield code="a">Motion picture authorship</subfield>
    <subfield code="2">lcsh</subfield>
  </datafield>
  <datafield tag="374" ind1=" " ind2=" ">
    <subfield code="a">Short story writer</subfield>
  </datafield>
  <datafield tag="375" ind1=" " ind2=" ">
    <subfield code="a">male</subfield>
  </datafield>
  <datafield tag="377" ind1=" " ind2=" ">
    <subfield code="a">eng</subfield>
  </datafield>
  <datafield tag="670" ind1=" " ind2=" ">
    <subfield code="a">Unbuttoning the violin, 2006:</subfield>
    <subfield code="b">t.p. (Ala Hlehel) p.118 (Palestinian, born in Jesh, Galilee, in 1974; he has worked in radio and print journalism, author of short stories, plays and film and TV scripts; lives in Acre)</subfield>
  </datafield>
</record>